@Book{Irizarry20052006,
  author    = {Rafael A. Irizarry},
  publisher = {Johns Hopkins University},
  title     = {Statistical Learning: Algorithmic andNonparametric Approaches},
  year      = {2005-2006},
  url       = {ttps://rafalab.dfci.harvard.edu/pages/649/},
}

@Book{Breiman1984,
  author = {Leo Breiman},
  title  = {CART: Classification and Regression Trees},
  year   = {1984},
  isbn   = {9781315139470},
}

@Article{Friedman2001,
  author    = {Jerome H. Friedman},
  journal   = {The Annals of Statistics},
  title     = {Greedy function approximation: A gradient boosting machine.},
  year      = {2001},
  month     = {oct},
  number    = {5},
  volume    = {29},
  doi       = {10.1214/aos/1013203451},
  publisher = {Institute of Mathematical Statistics},
}

@Standard{Scikit2023,
  organization = {Scikit},
  title        = {Cross validation},
  author       = {Scikit},
  url          = {https://scikit-learn.org/stable/modules/cross_validation.html},
  year         = {2023},
}

@InProceedings{Snoek2012,
  author    = {Snoek, Jasper and Larochelle, Hugo and Adams, Ryan P},
  booktitle = {Advances in Neural Information Processing Systems},
  title     = {Practical Bayesian Optimization of Machine Learning Algorithms},
  year      = {2012},
  editor    = {F. Pereira and C.J. Burges and L. Bottou and K.Q. Weinberger},
  publisher = {Curran Associates, Inc.},
  volume    = {25},
  url       = {https://proceedings.neurips.cc/paper_files/paper/2012/file/05311655a15b75fab86956663e1819cd-Paper.pdf},
}

@Article{Stander2002,
  author    = {Nielen Stander and K.J. Craig},
  journal   = {Engineering Computations},
  title     = {On the robustness of a simple domain reduction scheme for simulation-based optimization},
  year      = {2002},
  month     = {jun},
  number    = {4},
  pages     = {431--450},
  volume    = {19},
  doi       = {10.1108/02644400210430190},
  publisher = {Emerald},
}

@Article{Frazier2018,
  author  = {P. Frazier},
  journal = {ArXiv},
  title   = {A Tutorial on Bayesian Optimization},
  year    = {2018},
  volume  = {abs/1807.02811},
  url     = {https://api.semanticscholar.org/CorpusID:49656213},
}

@Article{,
  author = {Fernando Nogueira},
  title  = {{Bayesian Optimization}: Open source constrained global optimization tool for {Python}},
  year   = {2014--},
  url    = {https://github.com/fmfn/BayesianOptimization},
}

@Comment{jabref-meta: databaseType:bibtex;}
